% 本
@book{Soseki1905,
  author    = {夏目漱石},
  title     = {吾輩ハ猫デアル},
  publisher = {大倉書店},
  year      = 1905
}
% 論文、記事
@Article{Kamo00,
title = "Computational complexity of fractal sets",
author = "Kamo, Hiroyasu and Kawamura, Kiko and Takeuti, Izumi",
journal = "Real Analysis Exchange",
volume = 26,
number = 2,
pages = "773--794",
year = 2000,
}
% その他
@misc{itembox,
  author  = {Yamamoto's Laboratory},
  title   = {LaTeX枠付き文章},
  note    = {\url{http://www.yamamo10.jp/yamamoto/comp/latex/make_doc/box/box.php}},
  year    =  2019
}
